@article{1,
  title     = {Inhomogeneous Electron Gas},
  author    = {Hohenberg, P. and Kohn, W.},
  journal   = {Phys. Rev.},
  volume    = {136},
  issue     = {3B},
  pages     = {B864--B871},
  year      = {1964},
  month     = {Nov},
  doi       = {10.1103/PhysRev.136.B864},
  url       = {http://link.aps.org/doi/10.1103/PhysRev.136.B864},
  publisher = {American Physical Society}
}

@book{2,
  title     = {Electrochemical Methods: Fundamentals and Applications},
  author    = {Bard, A.J. and Faulkner, L.R.},
  isbn      = {9780471043720},
  lccn      = {00038210},
  url       = {http://books.google.com/books?id=kv56QgAACAAJ},
  year      = {2000},
  publisher = {Wiley}
}

@conference{3,
  author        = {J.-Y. Veuillen and J.-M. Gomez-Rodriguez and R. C. Cinti},
  collaboration = {},
  title         = {Submonolayer Pb deposition on Si(100) studied by scanning tunneling microscopy},
  publisher     = {AVS},
  year          = {1996},
  volume        = {14},
  number        = {2},
  pages         = {1010-1014},
  keywords      = {LEAD; SUBSTRATES; SILICON; VACUUM EVAPORATION; AMBIENT TEMPERATURE; STM; SURFACE STRUCTURE; MONOLAYERS},
  url           = {http://link.aip.org/link/?JVB/14/1010/1},
  doi           = {10.1116/1.588444}
}

@booklet{4,
  author = {NASA},
  title  = {http://toms.gsfc.nasa.gov/ozone/ozone.html},
  month  = {acceso 20-09-2011},
  year   = {2010},
  url    = {http://toms.gsfc.nasa.gov/ozone/ozone.html}
}

@inproceedings{5,
  author    = { Pabón, J. D. and Hurtado, G.},
  title     = {La variabilidad y el cambio climático y su efecto en los biomas de páramo },
  booktitle = {Memorias del Congreso Mundial de Páramos},
  location  = {Bogotá, Colombia},
  year      = { 2002 },
  pages     = {98},
  url       = {http://www.lablaa.org/blaavirtual/geografia/congresoparamo/cambio-climatico.htm},
  mycat     = { conference }
}